<?xml version="1.0" encoding="UTF-8"?><record xmlns="http://www.loc.gov/MARC21/slim" xmlns:cinclude="http://apache.org/cocoon/include/1.0" xmlns:zs="http://www.loc.gov/zing/srw/">
  <leader>00697cz  a2200193n  4500</leader>
  <controlfield tag="001">nr 96033091 </controlfield>
  <controlfield tag="003">DLC</controlfield>
  <controlfield tag="005">19970630122404.4</controlfield>
  <controlfield tag="008">960912n| acaabaaa|          |n ana     c</controlfield>
  <datafield tag="010" ind1=" " ind2=" ">
    <subfield code="a">nr 96033091 </subfield>
    <subfield code="z">nr 96033087 </subfield>
  </datafield>
  <datafield tag="040" ind1=" " ind2=" ">
    <subfield code="a">NIC</subfield>
    <subfield code="c">NIC</subfield>
    <subfield code="d">DLC</subfield>
  </datafield>
  <datafield tag="130" ind1=" " ind2="0">
    <subfield code="a">Neue Werkkunst</subfield>
  </datafield>
  <datafield tag="643" ind1=" " ind2=" ">
    <subfield code="a">Berlin</subfield>
    <subfield code="b">F.E. HuĚbsch</subfield>
  </datafield>
  <datafield tag="643" ind1=" " ind2=" ">
    <subfield code="a">Berlin</subfield>
    <subfield code="b">Gebr. Mann Verlag</subfield>
    <subfield code="d">DLC photo-offset reprint</subfield>
  </datafield>
  <datafield tag="644" ind1=" " ind2=" ">
    <subfield code="a">f</subfield>
    <subfield code="5">NIC</subfield>
    <subfield code="5">DLC photo-offset reprint</subfield>
  </datafield>
  <datafield tag="645" ind1=" " ind2=" ">
    <subfield code="a">t</subfield>
    <subfield code="5">NIC</subfield>
    <subfield code="5">DLC photo-offset reprint</subfield>
  </datafield>
  <datafield tag="646" ind1=" " ind2=" ">
    <subfield code="a">s</subfield>
    <subfield code="5">NIC</subfield>
    <subfield code="5">DLC photo-offset reprint</subfield>
  </datafield>
  <datafield tag="670" ind1=" " ind2=" ">
    <subfield code="a">Hans Herkommer, c1929:</subfield>
    <subfield code="b">t.p. (Neue Werkkunst)</subfield>
  </datafield>
  <datafield tag="670" ind1=" " ind2=" ">
    <subfield code="a">Photo-offset reprint/Bauten und PlaĚne, 1995:</subfield>
    <subfield code="b">ser. t.p. (Neue Werkkunst ; neu herausgegeben von Roland Jaeger)</subfield>
  </datafield>
</record>